% Encoding: UTF-8
@Comment{generado con gbTeXpublisher; databaseType:biblatex; fecha de creación: 06/05/2025;}

@book{alberdi2015,
	author    = {Alberdi, Juan B},
	title     = {Cartas sobre la prensa y la política militante de la República Argentina (cartas quillotanas)},
	year      = {2015},
	publisher = {Biblioteca Saavedra Fajardo, Madrid. [1853]},
	address   = {Madrid}
}

@book{alonso1997,
	author    = {Alonso, Paula},
	title     = {““En la primavera de la historia”: el discurso político del roquismo de la década del ochenta a través de su prensa},
	year      = 1er. Semestre de 1997},
publisher = {Boletín del Instituto de Historia Argentina y Americana “Dr. Emilio Ravignani”, Tercera serie, N° 15},
address   = {Buenos Aires}
}

@book{alonso2004,
	author    = {Alonso, Paula},
	title     = {“La tribuna nacional y Sud-América: tensiones ideológicas en la construcción de la “Argentina moderna” en la década de 1880},
	year      = {2004},
	publisher = {},
	address   = {Buenos Aires}
}

@book{altamirano2008,
	author    = {Altamirano, Carlos y Myers, Jorge},
	title     = {Historia de los intelectuales en América Latina},
	year      = {2008},
	publisher = {Katz Editores},
	address   = {Buenos Aires}
}

@book{altheide1976,
	author    = {Altheide, D. y Rasmussen, P},
	title     = {Becoming News. A Study of Two Newsrooms},
	year      = {1976},
	publisher = {Sociology of works an occupations, Vol. 3 N. 2, Pags. 223-226},
	address   = {}
}

@book{amado2016,
	author    = {Amado, Adriana},
	title     = {El periodismo por los periodistas},
	year      = {2016},
	publisher = {Konrad-Adenauer-Stiftung e. v},
	address   = {Buenos Aires}
}

@book{anguitaeduardo2002,
	author    = {Anguita, Eduardo},
	title     = {Grandes hermanos. Alianzas y negocios ocultos de los dueños de la información},
	year      = {2002},
	publisher = {Colihue},
	address   = {Buenos Aires}
}

@book{arrueta2010,
	author    = {Arrueta, C},
	title     = {¿Qué realidad construyen los diarios? Una mirada desde el periodismo en contextos de periferia},
	year      = {2010},
	publisher = {La Crujía Ediciones},
	address   = {Buenos Aires}
}

@book{arrueta2013,
	author    = {Arrueta, César},
	title     = {Identidad(es) periodística(s) Una mirada desde los escenarios de tensión},
	year      = {2013},
	publisher = {Tram[p]as de la Comunicación y la Cultura; Núm 76, ISSN: 2314-274X pp. 81-87 Recuperado 05/03/2017:  http://sedici.unlp.edu.ar/handle/10915/37153},
	address   = {}
}

@book{auza1978,
	author    = {Auza, Néstor T},
	title     = {El periodismo de la Confederación},
	year      = {1978},
	publisher = {Eudeba},
	address   = {Buenos Aires}
}

@book{baldoni2012,
	author    = {Baldoni},
	title     = {Kirchnerismo, mediatización e identidades políticas: : reflexiones en torno a la política, el periodismo y el discurso . 2003-2008},
	year      = {2012},
	publisher = {},
	address   = {Rosario}
}

@book{barbier1999,
	author    = {Barbier, Frédéric y Bertho-Lavenir, Catherine},
	title     = {Historia de los medios de Diderot a Internet},
	year      = {1999},
	publisher = {Colihue},
	address   = {Buenos Aires}
}

@book{bargach2014,
	author    = {Bargach, A. y Suárez, M},
	title     = {Télam, el hecho maldito del periodismo argentino. Una historia narrada por sus trabajadores},
	year      = {2014},
	publisher = {Ediciones TXT},
	address   = {Buenos Aires}
}

@book{barone2011,
	author    = {Barone, Orlando},
	title     = {K Letra bárbara},
	year      = {2011},
	publisher = {Sudamericana},
	address   = {Buenos Aires}
}

@book{barreracarlos2004,
	author    = {Barrera Carlos},
	title     = {Historia del Periodismo Universal},
	year      = {2004},
	publisher = {Ariel},
	address   = {Barcelona}
}

@book{belizyzuletapuceiro1998,
	author    = {Beliz y Zuleta Puceiro},
	title     = {La cultura profesional del periodismo argentino en Cuadernos Australes de Comunicación 1},
	year      = {1998},
	publisher = {Universidad Austral},
	address   = {Buenos Aires}
}

@book{benhamou2015,
	author    = {Benhamou, F},
	title     = {El libro en la era digital: papel, pantallas y otras derivas},
	year      = {2015},
	publisher = {Editorial Paidós},
	address   = {Ciudad Autónoma de Buenos Aires}
}

@book{bernays2008,
	author    = {Bernays, Edward},
	title     = {Propaganda},
	year      = {2008},
	publisher = {Melusina},
	address   = {Madrid}
}

@book{blaustein2014,
	author    = {Blaustein, Eduardo},
	title     = {Las locuras del Rey Jorge},
	year      = {2014},
	publisher = {},
	address   = {Buenos Aires}
}

@book{blaustein2013,
	author    = {Blaustein, Eduardo},
	title     = {},
	year      = {2013},
	publisher = {Ediciones B},
	address   = {Buenos Aires}
}

@book{borderiaortiz2015,
	author    = {Borderia Ortiz, Enrique; Laguna Platero, Antonio; Martínez Gallego, Francesc},
	title     = {Historia social de la comunicación: mediaciones y públicos},
	year      = {2015},
	publisher = {Síntesis},
	address   = {Madrid}
}

@book{borges-bioycasares1967,
	author    = {Borges-Bioy Casares},
	title     = {Crónicas de H. Bustos Domecq},
	year      = {1967},
	publisher = {Losada},
	address   = {Buenos Aires}
}

@book{borrat2009,
	author    = {Borrat, H},
	title     = {El periódico, actor político},
	year      = {2009},
	publisher = {Editorial Gustavo Gili},
	address   = {Barcelona}
}

@Book{Bourdieu2008,
  title     = {Cuestiones de Sociología},
  publisher = {Ediciones Itsmo},
  year      = {2008},
  author    = {Bourdieu, P},
  address   = {Madrid},
}

@Book{Bourdieu2008a,
  title     = {Una invitación a la Sociología reflexiva},
  publisher = {Siglo XXI Editores},
  year      = {2008},
  author    = {Bourdieu, P. y Wacquant Loïc},
  address   = {Buenos Aires},
}

@book{bourdieu1997,
	author    = {Bourdieu, Pierre},
	title     = {Sobre la televisión},
	year      = {1997},
	publisher = {Anagrama},
	address   = {Barcelona}
}

@book{bourdieu1999,
	author    = {Bourdieu, Pierre},
	title     = {La miseria del mundo},
	year      = {1999},
	publisher = {Fondo de Cultura Económica},
	address   = {Buenos Aires}
}

@book{bourdieu2002,
	author    = {Bourdieu, Pierre},
	title     = {Campo de poder, campo intelectual},
	year      = {2002},
	publisher = {Montressor},
	address   = {Barcelona}
}

@book{brancatelli2015,
	author    = {Brancatelli, Diego},
	title     = {Todos contra BRANCA contra todos},
	year      = {2015},
	publisher = {Ediciones B},
	address   = {Buenos Aires}
}

@book{bücher1917,
	author    = {Bücher, K},
	title     = {Die Anfänge des Zeitunswesens},
	year      = {1917},
	publisher = {Die EnstehungderVolkswirtschaft, Vol I},
	address   = {Berlín}
}

@book{capasso2013,
	author    = {Capasso, J},
	title     = {Victor Hugo. Una historia de coherencia y convicción},
	year      = {2013},
	publisher = {Ediciones Al Arco},
	address   = {Buenos Aires}
}

@book{castells1998,
	author    = {Castells, M},
	title     = {La era de la información. Economía, sociedad y cultura. Vol 2 El poder de la identidad.},
	year      = {1998},
	publisher = {Alianza Editorial},
	address   = {Madrid}
}

@book{cecchini2010,
	author    = {Cecchini, D. y Mancinelli, J},
	title     = {},
	year      = {2010},
	publisher = {},
	address   = {Buenos Aires}
}

@book{creswell1994,
	author    = {Creswell, J. W},
	title     = {},
	year      = {1994},
	publisher = {},
	address   = {}
}

@Conference{dediego2012,
  author  = {De Diego, J},
  title   = {Concentración económica, nuevos editores, nuevos agentes},
  year    = {2012},
  editor  = {Actas UNLP-FAHCE},
  address = {La Plata},
  month   = {31 de octubre, 1 y 2 de noviembre},
  journal = {Primer Coloquio Argentino de Estudios sobre el Libro y la Edición},
}

@book{demarco2006,
	author    = {De Marco, Miguel Ángel},
	title     = {Historia del periodismo argentino},
	year      = {2006},
	publisher = {},
	address   = {Buenos Aires}
}

@book{unknown0000,
	author    = {Dessein, D y Roitberg G. (Comps.)},
	title     = {},
	year      = {2014},
	publisher = {},
	address   = {Buenos Aires}
}

@book{díazclaudio2009,
	author    = {Díaz Claudio},
	title     = {Diario de guerra},
	year      = {2009},
	publisher = {},
	address   = {Buenos Aires}
}

@book{díaz2012,
	author    = {Díaz, César},
	title     = {},
	year      = {2012},
	publisher = {},
	address   = {La Plata}
}

@book{donsbachwolfgang2014,
	author    = {Donsbach Wolfgang},
	title     = {},
	year      = {2014},
	publisher = {},
	address   = {Ciudad Autónoma de Buenos Aires}
}

@book{fontevecchia2015,
	author    = {Fontevecchia, J},
	title     = {},
	year      = {2015},
	publisher = {Planeta},
	address   = {Buenos Aires}
}

@Book{Fontevecchia2018,
  title  = {Seminario “Telecomunicaciones, Medios Privados y Públicos en la era de la Convergencia”, organizado por el Sistema Federal de Medios y Contenidos Públicos y la Embajada Británica en Argentina. 05/11/18},
  year   = {2018},
  author = {Fontevecchia, J},
}

@Book{Fontevecchia2018a,
  year   = {2018},
  author = {Fontevecchia, J},
}

@Book{1997,
  title   = {(1997) Autopercepción del periodismo en la Argentina},
  year    = {1997},
  author  = {Fraga Roserndo (comp.)},
  address = {Buenos Aires},
}

@book{gans1979,
	author    = {Gans},
	title     = {Deciding What´s News, Newsweek an Time, Nueva York: PantheonBooks},
	year      = {1979},
	publisher = {},
	address   = {}
}

@book{gilbellota2012,
	author    = {Gil Bellota, Carlos J},
	title     = {Periodismo, metaperiodismo y bienes públicos},
	year      = {2012},
	publisher = {},
	address   = {}
}

@book{gindinirenelis2014,
	author    = {Gindin Irene Lis},
	title     = {Identidades fragmentadas},
	year      = {2014},
	publisher = {},
	address   = {Rosario}
}

@book{glaser1967,
	author    = {Glaser, B y Strauss, A},
	title     = {The discovery of gronunded theory strategies for qualitative reserarch},
	year      = {1967},
	publisher = {},
	address   = {}
}

@book{glaser1978,
	author    = {Glaser, B},
	title     = {,  Theoretical Sensitivity},
	year      = {1978},
	publisher = {},
	address   = {}
}

@book{golding-elliott1979,
	author    = {Golding-Elliott},
	title     = {Making the news, Londres: Longman},
	year      = {1979},
	publisher = {},
	address   = {}
}

@book{gonzález2011,
	author    = {González, Gustavo},
	title     = {Noticias Bajo Fuego},
	year      = {2011},
	publisher = {},
	address   = {Buenos Aires}
}

@book{habermas2006,
	author    = {Habermas, J},
	title     = {},
	year      = {2006},
	publisher = {},
	address   = {Barcelona}
}

@book{habermas1982,
	author    = {Habermas, Jurguen},
	title     = {Teoría de la Acción Comunicativa, Madrid, Ed},
	year      = {1982},
	publisher = {},
	address   = {Madrid}
}

@book{halperín2007,
	author    = {Halperín, Jorge},
	title     = {,  Noticias del poder, Buenas y malas artes del periodismo político},
	year      = {2007},
	publisher = {},
	address   = {Buenos Aires}
}

@book{humphreys2008,
	author    = {Humphreys, Peter},
	title     = {Subvenciones a la prensa en Europa. Una visión histórica.  Extraído de Revista , ISSN 0213-084X, , págs. 71-84},
	year      = {2008},
	publisher = {},
	address   = {}
}

@book{jorgeasís2011,
	author    = {Jorge Asís},
	title     = {El kirchnerismo póstumo},
	year      = {2011},
	publisher = {},
	address   = {Buenos Aires}
}

@Book{Jornet2014,
  year    = {2014},
  author  = {Jornet, C. y Dessein, D (Comps.)},
  address = {Buenos Aires},
}

@book{levinas2013,
	author    = {Levinas, Gabriel},
	title     = {El pequeño Timerman},
	year      = {2013},
	publisher = {},
	address   = {Buenos Aires}
}

@book{levinas2015,
	author    = {Levinas, Gabriel},
	title     = {Doble agente},
	year      = {2015},
	publisher = {},
	address   = {Buenos Aires}
}

@book{llonto2007,
	author    = {Llonto, Pablo},
	title     = {},
	year      = {2007},
	publisher = {},
	address   = {Ciudad Autónoma de Buenos Aires}
}

@book{lopezechagüe2015,
	author    = {Lopez Echagüe, Hernan},
	title     = {El perro},
	year      = {2015},
	publisher = {},
	address   = {Buenos Aires}
}

@book{majulluis1999,
	author    = {Majul Luis},
	title     = {Periodistas},
	year      = {1999},
	publisher = {},
	address   = {Buenos Aires}
}

@book{majul2012,
	author    = {Majul, L},
	title     = {},
	year      = {2012},
	publisher = {},
	address   = {Buenos Aires}
}

@book{márquez2010,
	author    = {Márquez, V. y Ces, A},
	title     = {},
	year      = {2010},
	publisher = {},
	address   = {Buenos Aires}
}

@book{martini2004,
	author    = {Martini, Stella; Luchessi, Lila},
	title     = {},
	year      = {2004},
	publisher = {},
	address   = {Buenos Aires}
}

@book{mastriniybecerra2017,
	author    = {Mastrini y Becerra},
	title     = {},
	year      = {2017},
	publisher = {},
	address   = {}
}

@book{mauss2009,
	author    = {Mauss, M},
	title     = {},
	year      = {2009},
	publisher = {},
	address   = {Buenos Aires}
}

@Book{Desconocido0000,
  title  = {Título desconocido},
  year   = {0000},
  author = {Desconocido},
}

@book{menesesfernández2008,
	author    = {Meneses Fernández, María Dolores},
	title     = {},
	year      = {2008},
	publisher = {},
	address   = {Madrid}
}

@book{mercado2012,
	author    = {Mercado, Silvia Diana},
	title     = {El inventor del peronismo},
	year      = {2012},
	publisher = {},
	address   = {Buenos Aires}
}

@book{mochkofsky2011,
	author    = {Mochkofsky, G},
	title     = {},
	year      = {2011},
	publisher = {},
	address   = {Buenos Aires}
}

@book{molina2012,
	author    = {Molina, Eugenia},
	title     = {Título desconocido},
	year      = {2012},
	publisher = {},
	address   = {Santa Fe}
}

@book{morales2015,
	author    = {Morales, Victor Hugo},
	title     = {},
	year      = {2015},
	publisher = {},
	address   = {Buenos Aires}
}

@Book{Morales2015,
  title   = {Mentime que me gusta},
  year    = {2015},
  author  = {Morales, Victor Hugo},
  address = {Buenos Aires},
}

@book{moyano1996,
	author    = {Moyano, Julio},
	title     = {Prensa y Modernidad},
	year      = {1996},
	publisher = {},
	address   = {}
}

@book{moyano2008,
	author    = {Moyano, Julio},
	title     = {Prensa, modernidad y transición},
	year      = {2008},
	publisher = {},
	address   = {Buenos Aires}
}

@book{moyano2013,
	author    = {Moyano, Julio},
	title     = {“Seis años decisivos},
	year      = {2013},
	publisher = {},
	address   = {}
}

@book{muchnik2012,
	author    = {Muchnik, Daniel},
	title     = {Aquel periodismo},
	year      = {2012},
	publisher = {},
	address   = {Buenos Aires}
}

@book{novaro2015,
	author    = {Novaro, M. y Birmajer, M},
	title     = {},
	year      = {2015},
	publisher = {},
	address   = {Buenos Aires}
}

@book{ojedaalejandraymoyanojulio2019,
	author    = {Ojeda Alejandra y Moyano Julio},
	title     = {“En la forja de un diario moderno”},
	year      = {2019},
	publisher = {},
	address   = {Buenos Aires}
}

@book{ojeda2010,
	author    = {Ojeda, Alejandra},
	title     = {“De la Arenga Faccional al Reclame Publicitario”},
	year      = {2010},
	publisher = {},
	address   = {Barcelona}
}

@book{oliván2010,
	author    = {Oliván, M. J. y Alabarces, P},
	title     = {},
	year      = {2010},
	publisher = {},
	address   = {Buenos Aires}
}

@book{piccone2015,
	author    = {Piccone, N},
	title     = {},
	year      = {2015},
	publisher = {},
	address   = {Buenos Aires}
}

@book{ramonet2011,
	author    = {Ramonet, I},
	title     = {},
	year      = {2011},
	publisher = {},
	address   = {Buenos Aires}
}

@book{rivera1990,
	author    = {Rivera, Jorge},
	title     = {“De la facción al folletín”},
	year      = {1990},
	publisher = {},
	address   = {}
}

@book{rivera1998,
	author    = {Rivera, Jorge},
	title     = {El escritor y la industria cultural},
	year      = {1998},
	publisher = {},
	address   = {Buenos Aires}
}

@book{rosso2012,
	author    = {Rosso, Daniel},
	title     = {Máquinas de captura},
	year      = {2012},
	publisher = {},
	address   = {Buenos Aires}
}

@book{rotemberg1999,
	author    = {Rotemberg, Abrasha},
	title     = {, Historia confidencia},
	year      = {1999},
	publisher = {},
	address   = {Buenos Aires}
}

@book{ruiz2014,
	author    = {Ruiz, F},
	title     = {},
	year      = {2014},
	publisher = {},
	address   = {Ciudad Autónoma de Buenos Aires}
}

@PhdThesis{saferstein2016,
  author  = {Saferstein, E},
  title   = {“La década publicada”. Los bestsellers políticos y sus editores. Producción de libros, difusión de temas e intervención pública en el mercado editorial argentino (2003-2015)},
  school  = {Universidad de Buenos Aires},
  year    = {2016},
  address = {Buenos Aires},
}

@book{schlesinger1978,
	author    = {Schlesinger,},
	title     = {Putting “reality” together},
	year      = {1978},
	publisher = {},
	address   = {}
}

@book{shumway2003,
	author    = {Shumway, Nicolás},
	title     = {La invención de la Argentina},
	year      = {2003},
	publisher = {},
	address   = {Buenos Aires}
}

@book{siebertf.ypetersont.1967,
	author    = {Siebert F. y Peterson T},
	title     = {Tres teorías sobre la prensa en el mundo capitalista},
	year      = {1967},
	publisher = {},
	address   = {Buenos Aires}
}

@book{sirvén2011,
	author    = {Sirvén, Pablo},
	title     = {Perón y los medios de comunicación},
	year      = {2011},
	publisher = {},
	address   = {Buenos Aires}
}

@book{sirvén2013,
	author    = {Sirvén, Pablo},
	title     = {Converso},
	year      = {2013},
	publisher = {},
	address   = {Buenos Aires}
}

@book{sivak2013,
	author    = {Sivak, M},
	title     = {},
	year      = {2013},
	publisher = {},
	address   = {Buenos Aires}
}

@book{sivak2015,
	author    = {Sivak, Martín},
	title     = {Clarín, La era Magnetto},
	year      = {2015},
	publisher = {},
	address   = {Buenos Aires}
}

@book{stefonijorgeandrés.2013,
	author    = {Stefoni  Jorge Andrés},
	title     = {Controversias contemporáneas en el periodismo argentino. Los nudos de la política y el debate sobre la condición profesional (2009-2011) Revista Astrolabio, Núm 10 Nueva Época ISSN 1668-7515 pp. 389 – 419},
	year      = {2013},
	publisher = {},
	address   = {}
}

@book{strauss1998,
	author    = {Strauss, A. y Corbin, J},
	title     = {},
	year      = {1998},
	publisher = {},
	address   = {}
}

@book{ure2014,
	author    = {Ure, Mariano y Schwarz Christian},
	title     = {Las identidades del periodismo argentino},
	year      = {2014},
	publisher = {},
	address   = {Ciudad Autónoma de Buenos Aires}
}

@book{vargas2015,
	author    = {Vargas, Walter},
	title     = {Periodistas depordivos},
	year      = {2015},
	publisher = {},
	address   = {Buenos Aires}
}

@book{verón1987,
	author    = {Verón, E},
	title     = {},
	year      = {1987},
	publisher = {},
	address   = {Buenos Aires}
}

@book{dario2014,
	author    = {Dario},
	title     = {(In)justicia mediática},
	year      = {2014},
	publisher = {},
	address   = {Buenos Aires}
}

@book{vommaro2012,
	author    = {Vommaro, G. y Baldoni, M},
	title     = {},
	year      = {2012},
	publisher = {},
	address   = {Montevideo}
}

@book{weber1992,
	author    = {Weber, Max},
	title     = {Para una sociología de la prensa en  nº 57 ISSN: 0210-5233. (pp. 251-259) Madrid},
	year      = {1992},
	publisher = {},
	address   = {Madrid}
}

@Book{Winazki2000,
  title   = {(2000) Puro periodismo},
  year    = {2000},
  author  = {Wiñazki, Miguel (comp.)},
  address = {Buenos Aires},
}

@book{wolf2004,
	author    = {Wolf, M},
	title     = {},
	year      = {2004},
	publisher = {},
	address   = {Ciudad Autónoma de Buenos Aires}
}

@book{zukernikeduardo2006,
	author    = {Zukernik Eduardo},
	title     = {, Hechos y noticias},
	year      = {2006},
	publisher = {},
	address   = {Buenos Aires}
}

@book{zunino2011,
	author    = {Zunino, E},
	title     = {Patria o medios},
	year      = {2011},
	publisher = {},
	address   = {Buenos Aires}
}

@book{zunino2014,
	author    = {Zunino, E},
	title     = {},
	year      = {2014},
	publisher = {},
	address   = {Buenos Aires}
}

@Comment{jabref-meta: databaseType:bibtex;}
