

@Comment{generado con gbTeXpublisher; databaseType:biblatex; fecha de creaciÃ³n: 14/05/2025;}